2026-07-15 13:42:01,531 INFO     bot.orders: Placing order: {'symbol': 'BTCUSDT', 'side': 'BUY', 'type': 'MARKET', 'quantity': '0.002'}
2026-07-15 13:42:01,531 INFO     bot.client: REQUEST POST /fapi/v1/order {'symbol': 'BTCUSDT', 'side': 'BUY', 'type': 'MARKET', 'quantity': '0.002', 'recvWindow': 5000, 'timestamp': 1784103121531}
2026-07-15 13:42:02,153 INFO     bot.client: RESPONSE POST /fapi/v1/order -> 401 {"code":-2014,"msg":"API-key format invalid."}
2026-07-15 13:42:02,154 ERROR    bot.client: API ERROR POST /fapi/v1/order: HTTP 401 / code -2014: API-key format invalid.
2026-07-15 14:58:10,330 ERROR    cli: Invalid input: side must be one of BUY/SELL, got 'HOLD'
2026-07-15 14:58:10,410 ERROR    cli: Invalid input: price is required for this order type
2026-07-15 14:58:10,490 ERROR    cli: Invalid input: quantity must be positive, got -5
2026-07-15 14:58:10,569 ERROR    cli: Invalid input: price/stop-price are not valid for MARKET orders
2026-07-15 14:58:45,471 ERROR    cli: Invalid input: side must be one of BUY/SELL, got 'HOLD'
2026-07-15 14:58:45,550 INFO     bot.orders: Placing order: {'symbol': 'BTCUSDT', 'side': 'BUY', 'type': 'MARKET', 'quantity': '0.002'}
2026-07-15 14:58:45,550 INFO     bot.client: REQUEST POST /fapi/v1/order {'symbol': 'BTCUSDT', 'side': 'BUY', 'type': 'MARKET', 'quantity': '0.002', 'recvWindow': 5000, 'timestamp': 1784107725550}
2026-07-15 14:58:46,269 INFO     bot.client: RESPONSE POST /fapi/v1/order -> 401 {"code":-2014,"msg":"API-key format invalid."}
2026-07-15 14:58:46,270 ERROR    bot.client: API ERROR POST /fapi/v1/order: HTTP 401 / code -2014: API-key format invalid.
2026-07-15 17:28:15,787 INFO     bot.orders: Placing order: {'symbol': 'BTCUSDT', 'side': 'BUY', 'type': 'MARKET', 'quantity': '0.002'}
2026-07-15 17:28:15,787 INFO     bot.client: REQUEST POST /fapi/v1/order {'symbol': 'BTCUSDT', 'side': 'BUY', 'type': 'MARKET', 'quantity': '0.002', 'recvWindow': 5000, 'timestamp': 1784116695787}
2026-07-15 17:28:16,442 INFO     bot.client: RESPONSE POST /fapi/v1/order -> 401 {"code":-2015,"msg":"Invalid API-key, IP, or permissions for action"}
2026-07-15 17:28:16,442 ERROR    bot.client: API ERROR POST /fapi/v1/order: HTTP 401 / code -2015: Invalid API-key, IP, or permissions for action
2026-07-15 17:28:16,566 INFO     bot.orders: Placing order: {'symbol': 'BTCUSDT', 'side': 'SELL', 'type': 'LIMIT', 'quantity': '0.002', 'price': '120000', 'timeInForce': 'GTC'}
2026-07-15 17:28:16,567 INFO     bot.client: REQUEST POST /fapi/v1/order {'symbol': 'BTCUSDT', 'side': 'SELL', 'type': 'LIMIT', 'quantity': '0.002', 'price': '120000', 'timeInForce': 'GTC', 'recvWindow': 5000, 'timestamp': 1784116696567}
2026-07-15 17:28:17,025 INFO     bot.client: RESPONSE POST /fapi/v1/order -> 401 {"code":-2015,"msg":"Invalid API-key, IP, or permissions for action"}
2026-07-15 17:28:17,026 ERROR    bot.client: API ERROR POST /fapi/v1/order: HTTP 401 / code -2015: Invalid API-key, IP, or permissions for action
2026-07-15 17:35:16,038 INFO     bot.orders: Placing order: {'symbol': 'BTCUSDT', 'side': 'BUY', 'type': 'MARKET', 'quantity': '0.002'}
2026-07-15 17:35:16,038 INFO     bot.client: REQUEST POST /fapi/v1/order {'symbol': 'BTCUSDT', 'side': 'BUY', 'type': 'MARKET', 'quantity': '0.002', 'recvWindow': 5000, 'timestamp': 1784117116038}
2026-07-15 17:35:16,583 INFO     bot.client: RESPONSE POST /fapi/v1/order -> 401 {"code":-2015,"msg":"Invalid API-key, IP, or permissions for action"}
2026-07-15 17:35:16,583 ERROR    bot.client: API ERROR POST /fapi/v1/order: HTTP 401 / code -2015: Invalid API-key, IP, or permissions for action
2026-07-15 17:35:16,689 INFO     bot.orders: Placing order: {'symbol': 'BTCUSDT', 'side': 'SELL', 'type': 'LIMIT', 'quantity': '0.002', 'price': '66600', 'timeInForce': 'GTC'}
2026-07-15 17:35:16,689 INFO     bot.client: REQUEST POST /fapi/v1/order {'symbol': 'BTCUSDT', 'side': 'SELL', 'type': 'LIMIT', 'quantity': '0.002', 'price': '66600', 'timeInForce': 'GTC', 'recvWindow': 5000, 'timestamp': 1784117116689}
2026-07-15 17:35:17,281 INFO     bot.client: RESPONSE POST /fapi/v1/order -> 401 {"code":-2015,"msg":"Invalid API-key, IP, or permissions for action"}
2026-07-15 17:35:17,282 ERROR    bot.client: API ERROR POST /fapi/v1/order: HTTP 401 / code -2015: Invalid API-key, IP, or permissions for action
2026-07-15 17:40:25,250 INFO     bot.orders: Placing order: {'symbol': 'BTCUSDT', 'side': 'BUY', 'type': 'MARKET', 'quantity': '0.002'}
2026-07-15 17:40:25,250 INFO     bot.client: REQUEST POST /fapi/v1/order {'symbol': 'BTCUSDT', 'side': 'BUY', 'type': 'MARKET', 'quantity': '0.002', 'recvWindow': 5000, 'timestamp': 1784117425250}
2026-07-15 17:40:25,833 INFO     bot.client: RESPONSE POST /fapi/v1/order -> 401 {"code":-2015,"msg":"Invalid API-key, IP, or permissions for action"}
2026-07-15 17:40:25,834 ERROR    bot.client: API ERROR POST /fapi/v1/order: HTTP 401 / code -2015: Invalid API-key, IP, or permissions for action
2026-07-15 17:40:25,950 INFO     bot.orders: Placing order: {'symbol': 'BTCUSDT', 'side': 'SELL', 'type': 'LIMIT', 'quantity': '0.002', 'price': '66600', 'timeInForce': 'GTC'}
2026-07-15 17:40:25,950 INFO     bot.client: REQUEST POST /fapi/v1/order {'symbol': 'BTCUSDT', 'side': 'SELL', 'type': 'LIMIT', 'quantity': '0.002', 'price': '66600', 'timeInForce': 'GTC', 'recvWindow': 5000, 'timestamp': 1784117425950}
2026-07-15 17:40:26,522 INFO     bot.client: RESPONSE POST /fapi/v1/order -> 401 {"code":-2015,"msg":"Invalid API-key, IP, or permissions for action"}
2026-07-15 17:40:26,522 ERROR    bot.client: API ERROR POST /fapi/v1/order: HTTP 401 / code -2015: Invalid API-key, IP, or permissions for action
2026-07-15 17:45:20,405 INFO     bot.orders: Placing order: {'symbol': 'BTCUSDT', 'side': 'BUY', 'type': 'MARKET', 'quantity': '0.002'}
2026-07-15 17:45:20,406 INFO     bot.client: REQUEST POST /fapi/v1/order {'symbol': 'BTCUSDT', 'side': 'BUY', 'type': 'MARKET', 'quantity': '0.002', 'recvWindow': 5000, 'timestamp': 1784117720406}
2026-07-15 17:45:20,887 INFO     bot.client: RESPONSE POST /fapi/v1/order -> 200 {"orderId":21893613475,"symbol":"BTCUSDT","status":"NEW","clientOrderId":"V9q8B0NNjyxU872m2HWcmL","price":"0.00","origQty":"0.0020","executedQty":"0.0000","cumQty":"0.0000","timeInForce":"GTC","type":"MARKET","reduceOnly":false,"closePosition":false,"side":"BUY","positionSide":"BOTH","stopPrice":"0.00","workingType":"CONTRACT_PRICE","priceProtect":false,"origType":"MARKET","priceMatch":"NONE","selfTradePreventionMode":"EXPIRE_MAKER","goodTillDate":0,"updateTime":1784117720958}
2026-07-15 17:45:20,888 INFO     bot.orders: Order accepted: orderId=21893613475 status=NEW executedQty=0.0000 avgPrice=None
2026-07-15 17:45:21,004 INFO     bot.orders: Placing order: {'symbol': 'BTCUSDT', 'side': 'SELL', 'type': 'LIMIT', 'quantity': '0.002', 'price': '66600', 'timeInForce': 'GTC'}
2026-07-15 17:45:21,004 INFO     bot.client: REQUEST POST /fapi/v1/order {'symbol': 'BTCUSDT', 'side': 'SELL', 'type': 'LIMIT', 'quantity': '0.002', 'price': '66600', 'timeInForce': 'GTC', 'recvWindow': 5000, 'timestamp': 1784117721004}
2026-07-15 17:45:21,469 INFO     bot.client: RESPONSE POST /fapi/v1/order -> 200 {"orderId":21893613487,"symbol":"BTCUSDT","status":"NEW","clientOrderId":"Yf0W7ATqukrKAevWq4CNzs","price":"66600.00","origQty":"0.0020","executedQty":"0.0000","cumQty":"0.0000","timeInForce":"GTC","type":"LIMIT","reduceOnly":false,"closePosition":false,"side":"SELL","positionSide":"BOTH","stopPrice":"0.00","workingType":"CONTRACT_PRICE","priceProtect":false,"origType":"LIMIT","priceMatch":"NONE","selfTradePreventionMode":"EXPIRE_MAKER","goodTillDate":0,"updateTime":1784117721540}
2026-07-15 17:45:21,469 INFO     bot.orders: Order accepted: orderId=21893613487 status=NEW executedQty=0.0000 avgPrice=None
2026-07-15 17:49:26,669 INFO     bot.orders: Placing order: {'symbol': 'BTCUSDT', 'side': 'BUY', 'type': 'MARKET', 'quantity': '0.002'}
2026-07-15 17:49:26,669 INFO     bot.client: REQUEST POST /fapi/v1/order {'symbol': 'BTCUSDT', 'side': 'BUY', 'type': 'MARKET', 'quantity': '0.002', 'recvWindow': 5000, 'timestamp': 1784117966669}
2026-07-15 17:49:27,386 INFO     bot.client: RESPONSE POST /fapi/v1/order -> 401 {"code":-2015,"msg":"Invalid API-key, IP, or permissions for action"}
2026-07-15 17:49:27,387 ERROR    bot.client: API ERROR POST /fapi/v1/order: HTTP 401 / code -2015: Invalid API-key, IP, or permissions for action
2026-07-15 17:50:55,846 INFO     bot.orders: Placing order: {'symbol': 'BTCUSDT', 'side': 'BUY', 'type': 'MARKET', 'quantity': '0.002'}
2026-07-15 17:50:55,847 INFO     bot.client: REQUEST POST /fapi/v1/order {'symbol': 'BTCUSDT', 'side': 'BUY', 'type': 'MARKET', 'quantity': '0.002', 'recvWindow': 5000, 'timestamp': 1784118055847}
2026-07-15 17:50:56,560 INFO     bot.client: RESPONSE POST /fapi/v1/order -> 401 {"code":-2014,"msg":"API-key format invalid."}
2026-07-15 17:50:56,560 ERROR    bot.client: API ERROR POST /fapi/v1/order: HTTP 401 / code -2014: API-key format invalid.
2026-07-15 17:50:56,676 INFO     bot.orders: Placing order: {'symbol': 'BTCUSDT', 'side': 'SELL', 'type': 'LIMIT', 'quantity': '0.002', 'price': '66600', 'timeInForce': 'GTC'}
2026-07-15 17:50:56,676 INFO     bot.client: REQUEST POST /fapi/v1/order {'symbol': 'BTCUSDT', 'side': 'SELL', 'type': 'LIMIT', 'quantity': '0.002', 'price': '66600', 'timeInForce': 'GTC', 'recvWindow': 5000, 'timestamp': 1784118056676}
2026-07-15 17:50:57,237 INFO     bot.client: RESPONSE POST /fapi/v1/order -> 401 {"code":-2014,"msg":"API-key format invalid."}
2026-07-15 17:50:57,238 ERROR    bot.client: API ERROR POST /fapi/v1/order: HTTP 401 / code -2014: API-key format invalid.
2026-07-15 17:50:57,362 INFO     bot.orders: Placing order: {'symbol': 'BTCUSDT', 'side': 'SELL', 'type': 'STOP', 'quantity': '0.002', 'price': '63000', 'timeInForce': 'GTC', 'stopPrice': '63500'}
2026-07-15 17:50:57,362 INFO     bot.client: REQUEST POST /fapi/v1/order {'symbol': 'BTCUSDT', 'side': 'SELL', 'type': 'STOP', 'quantity': '0.002', 'price': '63000', 'timeInForce': 'GTC', 'stopPrice': '63500', 'recvWindow': 5000, 'timestamp': 1784118057362}
2026-07-15 17:50:57,829 INFO     bot.client: RESPONSE POST /fapi/v1/order -> 401 {"code":-2014,"msg":"API-key format invalid."}
2026-07-15 17:50:57,830 ERROR    bot.client: API ERROR POST /fapi/v1/order: HTTP 401 / code -2014: API-key format invalid.
2026-07-15 17:51:41,304 INFO     bot.orders: Placing order: {'symbol': 'BTCUSDT', 'side': 'BUY', 'type': 'MARKET', 'quantity': '0.002'}
2026-07-15 17:51:41,304 INFO     bot.client: REQUEST POST /fapi/v1/order {'symbol': 'BTCUSDT', 'side': 'BUY', 'type': 'MARKET', 'quantity': '0.002', 'recvWindow': 5000, 'timestamp': 1784118101304}
2026-07-15 17:51:41,870 INFO     bot.client: RESPONSE POST /fapi/v1/order -> 401 {"code":-2014,"msg":"API-key format invalid."}
2026-07-15 17:51:41,871 ERROR    bot.client: API ERROR POST /fapi/v1/order: HTTP 401 / code -2014: API-key format invalid.
2026-07-15 17:51:41,993 INFO     bot.orders: Placing order: {'symbol': 'BTCUSDT', 'side': 'SELL', 'type': 'LIMIT', 'quantity': '0.002', 'price': '66600', 'timeInForce': 'GTC'}
2026-07-15 17:51:41,994 INFO     bot.client: REQUEST POST /fapi/v1/order {'symbol': 'BTCUSDT', 'side': 'SELL', 'type': 'LIMIT', 'quantity': '0.002', 'price': '66600', 'timeInForce': 'GTC', 'recvWindow': 5000, 'timestamp': 1784118101994}
2026-07-15 17:51:42,491 INFO     bot.client: RESPONSE POST /fapi/v1/order -> 401 {"code":-2014,"msg":"API-key format invalid."}
2026-07-15 17:51:42,491 ERROR    bot.client: API ERROR POST /fapi/v1/order: HTTP 401 / code -2014: API-key format invalid.
2026-07-15 17:51:42,607 INFO     bot.orders: Placing order: {'symbol': 'BTCUSDT', 'side': 'SELL', 'type': 'STOP', 'quantity': '0.002', 'price': '63000', 'timeInForce': 'GTC', 'stopPrice': '63500'}
2026-07-15 17:51:42,607 INFO     bot.client: REQUEST POST /fapi/v1/order {'symbol': 'BTCUSDT', 'side': 'SELL', 'type': 'STOP', 'quantity': '0.002', 'price': '63000', 'timeInForce': 'GTC', 'stopPrice': '63500', 'recvWindow': 5000, 'timestamp': 1784118102607}
2026-07-15 17:51:43,072 INFO     bot.client: RESPONSE POST /fapi/v1/order -> 401 {"code":-2014,"msg":"API-key format invalid."}
2026-07-15 17:51:43,072 ERROR    bot.client: API ERROR POST /fapi/v1/order: HTTP 401 / code -2014: API-key format invalid.
2026-07-15 17:52:50,567 INFO     bot.orders: Placing order: {'symbol': 'BTCUSDT', 'side': 'BUY', 'type': 'MARKET', 'quantity': '0.002'}
2026-07-15 17:52:50,567 INFO     bot.client: REQUEST POST /fapi/v1/order {'symbol': 'BTCUSDT', 'side': 'BUY', 'type': 'MARKET', 'quantity': '0.002', 'recvWindow': 5000, 'timestamp': 1784118170567}
2026-07-15 17:52:51,214 INFO     bot.client: RESPONSE POST /fapi/v1/order -> 200 {"orderId":21894701126,"symbol":"BTCUSDT","status":"NEW","clientOrderId":"WVgRVJ9NmCBXYl9wYoIHDH","price":"0.00","origQty":"0.0020","executedQty":"0.0000","cumQty":"0.0000","timeInForce":"GTC","type":"MARKET","reduceOnly":false,"closePosition":false,"side":"BUY","positionSide":"BOTH","stopPrice":"0.00","workingType":"CONTRACT_PRICE","priceProtect":false,"origType":"MARKET","priceMatch":"NONE","selfTradePreventionMode":"EXPIRE_MAKER","goodTillDate":0,"updateTime":1784118171261}
2026-07-15 17:52:51,215 INFO     bot.orders: Order accepted: orderId=21894701126 status=NEW executedQty=0.0000 avgPrice=None
2026-07-15 17:52:51,328 INFO     bot.orders: Placing order: {'symbol': 'BTCUSDT', 'side': 'SELL', 'type': 'LIMIT', 'quantity': '0.002', 'price': '66600', 'timeInForce': 'GTC'}
2026-07-15 17:52:51,328 INFO     bot.client: REQUEST POST /fapi/v1/order {'symbol': 'BTCUSDT', 'side': 'SELL', 'type': 'LIMIT', 'quantity': '0.002', 'price': '66600', 'timeInForce': 'GTC', 'recvWindow': 5000, 'timestamp': 1784118171328}
2026-07-15 17:52:51,784 INFO     bot.client: RESPONSE POST /fapi/v1/order -> 200 {"orderId":21894703230,"symbol":"BTCUSDT","status":"NEW","clientOrderId":"MoptAbdOnpnlGi4z0mxyWZ","price":"66600.00","origQty":"0.0020","executedQty":"0.0000","cumQty":"0.0000","timeInForce":"GTC","type":"LIMIT","reduceOnly":false,"closePosition":false,"side":"SELL","positionSide":"BOTH","stopPrice":"0.00","workingType":"CONTRACT_PRICE","priceProtect":false,"origType":"LIMIT","priceMatch":"NONE","selfTradePreventionMode":"EXPIRE_MAKER","goodTillDate":0,"updateTime":1784118171831}
2026-07-15 17:52:51,784 INFO     bot.orders: Order accepted: orderId=21894703230 status=NEW executedQty=0.0000 avgPrice=None
2026-07-15 17:52:51,901 INFO     bot.orders: Placing order: {'symbol': 'BTCUSDT', 'side': 'SELL', 'type': 'STOP', 'quantity': '0.002', 'price': '63000', 'timeInForce': 'GTC', 'stopPrice': '63500'}
2026-07-15 17:52:51,901 INFO     bot.client: REQUEST POST /fapi/v1/order {'symbol': 'BTCUSDT', 'side': 'SELL', 'type': 'STOP', 'quantity': '0.002', 'price': '63000', 'timeInForce': 'GTC', 'stopPrice': '63500', 'recvWindow': 5000, 'timestamp': 1784118171901}
2026-07-15 17:52:52,447 INFO     bot.client: RESPONSE POST /fapi/v1/order -> 400 {"code":-4120,"msg":"Order type not supported for this endpoint. Please use the Algo Order API endpoints instead."}
2026-07-15 17:52:52,447 ERROR    bot.client: API ERROR POST /fapi/v1/order: HTTP 400 / code -4120: Order type not supported for this endpoint. Please use the Algo Order API endpoints instead.
2026-07-15 17:56:37,749 INFO     bot.orders: Placing order: {'symbol': 'BTCUSDT', 'side': 'SELL', 'type': 'STOP', 'quantity': '0.002', 'price': '63000', 'timeInForce': 'GTC', 'triggerPrice': '63500', 'algoType': 'CONDITIONAL'}
2026-07-15 17:56:37,749 INFO     bot.client: REQUEST POST /fapi/v1/algoOrder {'symbol': 'BTCUSDT', 'side': 'SELL', 'type': 'STOP', 'quantity': '0.002', 'price': '63000', 'timeInForce': 'GTC', 'triggerPrice': '63500', 'algoType': 'CONDITIONAL', 'recvWindow': 5000, 'timestamp': 1784118397749}
2026-07-15 17:56:38,477 INFO     bot.client: RESPONSE POST /fapi/v1/algoOrder -> 200 {"algoId":1000000136594429,"clientAlgoId":"CabWEGvAWM5vpW9j6wXPu4","algoType":"CONDITIONAL","orderType":"STOP","symbol":"BTCUSDT","side":"SELL","positionSide":"BOTH","timeInForce":"GTC","quantity":"0.0020","algoStatus":"NEW","triggerPrice":"63500.00","price":"63000.00","icebergQuantity":null,"selfTradePreventionMode":"EXPIRE_MAKER","workingType":"CONTRACT_PRICE","priceMatch":"NONE","closePosition":false,"priceProtect":false,"reduceOnly":false,"createTime":1784118398507,"updateTime":1784118398508,"triggerTime":0,"goodTillDate":0}
2026-07-15 17:56:38,477 INFO     bot.orders: Order accepted: orderId=None status=None executedQty=None avgPrice=None
